<record><leader>00000cas a22000007a 4500</leader><controlfield tag="001">13776543</controlfield><controlfield tag="008">860625d185u185utnuir ne      0    0eng d</controlfield><datafield ind1=" " ind2=" " tag="010"><subfield code="a">sn 86053518 </subfield></datafield><datafield ind1=" " ind2=" " tag="040"><subfield code="a">NPX</subfield><subfield code="b">eng</subfield><subfield code="c">NPX</subfield><subfield code="d">CNK</subfield><subfield code="d">TGN</subfield><subfield code="d">OCL</subfield><subfield code="d">OCLCQ</subfield><subfield code="d">DLC</subfield><subfield code="d">OCLCA</subfield><subfield code="d">OCLCF</subfield></datafield><datafield ind1="1" ind2=" " tag="029"><subfield code="a">AU@</subfield><subfield code="b">000020236016</subfield></datafield><datafield ind1=" " ind2=" " tag="042"><subfield code="a">msc</subfield></datafield><datafield ind1=" " ind2=" " tag="043"><subfield code="a">n-us-tn</subfield></datafield><datafield ind1="0" ind2=" " tag="130"><subfield code="a">Nashville true Whig (Nashville, Tenn. : 1853 : Triweekly)</subfield></datafield><datafield ind1="1" ind2="4" tag="245"><subfield code="a">The Nashville true Whig.</subfield></datafield><datafield ind1="1" ind2="3" tag="246"><subfield code="a">True Whig</subfield></datafield><datafield ind1=" " ind2=" " tag="260"><subfield code="a">Nashville, Tenn. :</subfield><subfield code="b">B.R. McKennie &amp; Co.</subfield></datafield><datafield ind1=" " ind2=" " tag="300"><subfield code="a">v.</subfield></datafield><datafield ind1=" " ind2=" " tag="310"><subfield code="a">Three times a week</subfield></datafield><datafield ind1=" " ind2=" " tag="500"><subfield code="a">Printers: B.R. McKennie &amp; George B. Brown, &lt;1855&gt;.</subfield></datafield><datafield ind1=" " ind2=" " tag="500"><subfield code="a">Editor: E.P. McGinty, &lt;1855&gt;.</subfield></datafield><datafield ind1=" " ind2=" " tag="588"><subfield code="a">Description based on: Aug. 26, 1853.</subfield></datafield><datafield ind1=" " ind2="0" tag="651"><subfield code="a">Davidson County (Tenn.)</subfield><subfield code="v">Newspapers.</subfield></datafield><datafield ind1=" " ind2="0" tag="651"><subfield code="a">Nashville (Tenn.)</subfield><subfield code="v">Newspapers.</subfield></datafield><datafield ind1=" " ind2="7" tag="655"><subfield code="a">Newspapers.</subfield><subfield code="2">fast</subfield><subfield code="0">(OCoLC)fst01423814</subfield></datafield><datafield ind1=" " ind2="7" tag="651"><subfield code="a">Tennessee</subfield><subfield code="z">Davidson County.</subfield><subfield code="2">fast</subfield><subfield code="0">(OCoLC)fst01205346</subfield></datafield><datafield ind1=" " ind2="7" tag="651"><subfield code="a">Tennessee</subfield><subfield code="z">Nashville.</subfield><subfield code="2">fast</subfield><subfield code="0">(OCoLC)fst01204195</subfield></datafield><datafield ind1=" " ind2=" " tag="752"><subfield code="a">United States</subfield><subfield code="b">Tennessee</subfield><subfield code="c">Davidson</subfield><subfield code="d">Nashville.</subfield></datafield><datafield ind1="0" ind2=" " tag="775"><subfield code="t">Daily Nashville true Whig</subfield><subfield code="x">2327-8412</subfield><subfield code="w">(DLC)sn 86071224</subfield><subfield code="w">(OCoLC)13311256</subfield></datafield><datafield ind1="0" ind2="0" tag="780"><subfield code="t">True Whig (Nashville, Tenn.)</subfield><subfield code="w">(DLC)sn 86071261</subfield></datafield><datafield ind1="0" ind2="0" tag="785"><subfield code="t">Nashville patriot (Nashville, Tenn. : Triweekly)</subfield><subfield code="w">(DLC)sn 86053517</subfield></datafield></record>